<record><leader>00000cas a22000007a 4500</leader><controlfield tag="001">8793146</controlfield><controlfield tag="008">820921d18991906akucr ne      0   a0eng  </controlfield><controlfield tag="009">466</controlfield><datafield ind1=" " ind2=" " tag="010"><subfield code="a">sn 82014364 </subfield></datafield><datafield ind1=" " ind2=" " tag="040"><subfield code="a">DLC</subfield><subfield code="b">eng</subfield><subfield code="c">DLC</subfield><subfield code="d">NPV</subfield><subfield code="d">DLC</subfield><subfield code="d">YOX</subfield><subfield code="d">CNK</subfield><subfield code="d">DLC</subfield><subfield code="d">CRL</subfield><subfield code="d">DLC</subfield><subfield code="d">OCLCF</subfield></datafield><datafield ind1=" " ind2=" " tag="042"><subfield code="a">msc</subfield></datafield><datafield ind1=" " ind2=" " tag="043"><subfield code="a">n-us-ak</subfield></datafield><datafield ind1=" " ind2=" " tag="045"><subfield code="a">w9x0</subfield></datafield><datafield ind1="0" ind2="0" tag="050"><subfield code="a">Newspaper</subfield></datafield><datafield ind1=" " ind2=" " tag="052"><subfield code="a">4373</subfield><subfield code="b">N6</subfield></datafield><datafield ind1="0" ind2="4" tag="245"><subfield code="a">The Nome news.</subfield></datafield><datafield ind1="1" ind2=" " tag="246"><subfield code="i">Issue for &lt;Dec. 16, 1899&gt; has title:</subfield><subfield code="a">Nome weekly news</subfield></datafield><datafield ind1="1" ind2=" " tag="246"><subfield code="i">Issues for &lt;June 28, 1900-Sept. 29, 1900&gt; have title:</subfield><subfield code="a">Nome daily news</subfield></datafield><datafield ind1="1" ind2="7" tag="246"><subfield code="a">Nome semi-weekly news</subfield><subfield code="f">Apr. 15, 1902-&lt;May 29, 1903&gt;</subfield></datafield><datafield ind1=" " ind2=" " tag="260"><subfield code="a">Nome, Alaska :</subfield><subfield code="b">Nome News Pub. Co.,</subfield><subfield code="c">1899-</subfield></datafield><datafield ind1=" " ind2=" " tag="300"><subfield code="a">v. ;</subfield><subfield code="c">61 cm.</subfield></datafield><datafield ind1=" " ind2=" " tag="310"><subfield code="a">Semiweekly,</subfield><subfield code="b">&lt;Nov. 17, 1900-May 29, 1903&gt;</subfield></datafield><datafield ind1=" " ind2=" " tag="321"><subfield code="a">Weekly,</subfield><subfield code="b">Oct. 9, 1899-&lt;May 26, 1900&gt;</subfield></datafield><datafield ind1=" " ind2=" " tag="321"><subfield code="a">Daily (except Sun.),</subfield><subfield code="b">&lt;June 28, 1900-Sept. 29, 1900&gt;</subfield></datafield><datafield ind1="0" ind2=" " tag="362"><subfield code="a">Vol. 1, no. 1 (Oct. 9, 1899)-</subfield></datafield><datafield ind1="1" ind2=" " tag="362"><subfield code="a">Ceased with June 1, 1906 issue.</subfield><subfield code="z">Cf. Gregory. Amer. newspapers; NIM, 1948-1983.</subfield></datafield><datafield ind1=" " ind2=" " tag="500"><subfield code="a">"Independent." Cf. Ayer, 1906.</subfield></datafield><datafield ind1=" " ind2=" " tag="530"><subfield code="a">Also available on microfilm from the State Historical Society of Wisconsin.</subfield></datafield><datafield ind1=" " ind2=" " tag="500"><subfield code="a">Editors: J.F.A. Strong, Oct. 9, 1899-&lt;June 15, 1901&gt;; E.B. Wishaar, &lt;July 10, 1901&gt;-Oct. 17, 1901; J.P. Parkinson, Oct. 21, 1901-June 10, 1902; H.G. Steel, Aug. 1, 1902-</subfield></datafield><datafield ind1=" " ind2=" " tag="588"><subfield code="a">Latest issue consulted: Vol. 5, no. 42 (May 29, 1903).</subfield></datafield><datafield ind1=" " ind2="0" tag="651"><subfield code="a">Nome (Alaska)</subfield><subfield code="v">Newspapers.</subfield></datafield><datafield ind1=" " ind2="7" tag="655"><subfield code="a">Newspapers.</subfield><subfield code="2">fast</subfield><subfield code="0">(OCoLC)fst01423814</subfield></datafield><datafield ind1=" " ind2="7" tag="651"><subfield code="a">Alaska</subfield><subfield code="z">Nome.</subfield><subfield code="2">fast</subfield><subfield code="0">(OCoLC)fst01217568</subfield></datafield><datafield ind1="1" ind2=" " tag="700"><subfield code="a">Steel, Harry G.</subfield></datafield><datafield ind1=" " ind2=" " tag="752"><subfield code="a">United States</subfield><subfield code="b">Alaska</subfield><subfield code="c">Nome</subfield><subfield code="d">Nome.</subfield></datafield><datafield ind1="0" ind2="4" tag="785"><subfield code="t">Nome nugget (Nome, Alaska : 1901)</subfield><subfield code="g">June 1, 1906</subfield><subfield code="w">(DLC)sn 87062010</subfield><subfield code="w">(OCoLC)15072854</subfield></datafield></record>